@misc{PromptEngineering,
  author      = {Boonstra, Lee},
  title       = {Prompt Engineering},
  institution = {Google},
  year        = {2025},
  month       = {2},
  type        = {Whitepaper},
  url         = {https://www.kaggle.com/whitepaper-prompt-engineering},
  urldate     = {2025-06-08}
}

@misc{GoogleAIDev,
  author       = {Google},
  title        = {Google AI for Developers},
  url          = {https://ai.google.dev},
  year         = {2025},
  urldate      = {2025-06-08}
}

@misc{GeminiFlash,
  author       = {Google},
  title        = {Gemini Flash},
  url          = {https://deepmind.google/models/gemini/flash/},
  year         = {2025},
  urldate      = {2025-06-16}
}

@misc{AltmanTweet,
    author  = {ETOnline},
    title = {Do you say 'Please' to ChatGPT? Sam Altman reveals how much electricity your manners cost to OpenAI},
    url = {https://economictimes.indiatimes.com/magazines/panache/do-you-say-please-to-chatgpt-sam-altman-reveals-how-much-electricity-your-manners-cost-to-openai/articleshow/120455018.cms},
    year = {2025},
    urldate = {2025-06-16}
}